<?xml version = "1.0" encoding = "UTF-8"?><OAI-PMH xmlns="http://www.openarchives.org/OAI/2.0/" xmlns:xsi="http://www.w3.org/2001/XMLSchema-instance" xsi:schemaLocation="http://www.openarchives.org/OAI/2.0/ http://www.openarchives.org/OAI/2.0/OAI-PMH.xsd"><ListRecords><record><header><identifier>aleph-publish:036577009</identifier></header><metadata><record xmlns="http://www.ddb.de/professionell/mabxml/mabxml-1.xsd"><leader>00000cM2.01200024------h</leader><controlfield tag="LDR">00000cM2.01200024------h</controlfield><controlfield tag="FMT">MH</controlfield><datafield tag="001" ind1="-" ind2="1"><subfield code="a">HT020384253</subfield></datafield><datafield tag="002" ind1="a" ind2="1"><subfield code="a">20200302</subfield></datafield><datafield tag="026" ind1="-" ind2="1"><subfield code="a">HBZHT020384253</subfield></datafield><controlfield tag="030">a||ur||||||37</controlfield><datafield tag="036" ind1="a" ind2="1"><subfield code="a">DXDE</subfield></datafield><datafield tag="037" ind1="b" ind2="1"><subfield code="a">lat</subfield></datafield><controlfield tag="050">a|a|||||||||||</controlfield><controlfield tag="051">my||||||</controlfield><datafield tag="060" ind1="-" ind2="1"><subfield code="b">txt</subfield><subfield code="a">Text</subfield></datafield><datafield tag="061" ind1="-" ind2="1"><subfield code="b">n</subfield><subfield code="a">ohne Hilfsmittel zu benutzen</subfield></datafield><datafield tag="062" ind1="-" ind2="1"><subfield code="b">nc</subfield><subfield code="a">Band</subfield></datafield><datafield tag="064" ind1="a" ind2="1"><subfield code="a">Hochschulschrift</subfield><subfield code="9">(DE-588)4113937-9</subfield></datafield><datafield tag="070" ind1="-" ind2="1"><subfield code="a">61</subfield></datafield><datafield tag="078" ind1="r" ind2="1"><subfield code="a">61: Link External Server</subfield></datafield><datafield tag="080" ind1="-" ind2="1"><subfield code="a">60</subfield></datafield><datafield tag="100" ind1="b" ind2="1"><subfield code="p">Feller, Joachim</subfield><subfield code="d">1638-1691</subfield><subfield code="4">pra</subfield><subfield code="3">Praeses</subfield><subfield code="9">(DE-588)116459301</subfield></datafield><datafield tag="101" ind1="-" ind2="1"><subfield code="p">Fellerus, Joachimus F.</subfield><subfield code="d">1638-1691</subfield></datafield><datafield tag="101" ind1="-" ind2="1"><subfield code="p">Fellerus, L. Joachimus</subfield><subfield code="d">1638-1691</subfield></datafield><datafield tag="101" ind1="-" ind2="1"><subfield code="p">Dermasius, Franciscus</subfield><subfield code="d">1638-1691</subfield></datafield><datafield tag="101" ind1="-" ind2="1"><subfield code="p">Franziskus Dermasius</subfield><subfield code="d">1638-1691</subfield></datafield><datafield tag="101" ind1="-" ind2="1"><subfield code="p">Cholander</subfield><subfield code="d">1638-1691</subfield></datafield><datafield tag="101" ind1="-" ind2="1"><subfield code="p">J. F.</subfield><subfield code="d">1638-1691</subfield></datafield><datafield tag="101" ind1="-" ind2="1"><subfield code="p">L. J. F.</subfield><subfield code="d">1638-1691</subfield></datafield><datafield tag="101" ind1="-" ind2="1"><subfield code="p">L. J. F. P. P.</subfield><subfield code="d">1638-1691</subfield></datafield><datafield tag="101" ind1="-" ind2="1"><subfield code="p">L. J. F. P. P. P.</subfield><subfield code="d">1638-1691</subfield></datafield><datafield tag="101" ind1="-" ind2="1"><subfield code="p">Fellerus, Ioachimus</subfield><subfield code="d">1638-1691</subfield></datafield><datafield tag="101" ind1="-" ind2="1"><subfield code="p">Fellerus, Joachimus</subfield><subfield code="d">1638-1691</subfield></datafield><datafield tag="101" ind1="-" ind2="1"><subfield code="p">Feller, Joachim L.</subfield><subfield code="d">1638-1691</subfield></datafield><datafield tag="101" ind1="-" ind2="1"><subfield code="p">Fellerus, Joach.</subfield><subfield code="d">1638-1691</subfield></datafield><datafield tag="104" ind1="a" ind2="1"><subfield code="p">Vogel, Cornelius</subfield><subfield code="d">1644-1694</subfield><subfield code="4">rsp</subfield><subfield code="3">Respondent</subfield><subfield code="9">(DE-588)124560865</subfield></datafield><datafield tag="105" ind1="-" ind2="1"><subfield code="p">Vogel, Cornelius &lt;&lt;von&gt;&gt;</subfield><subfield code="d">1644-1694</subfield></datafield><datafield tag="105" ind1="-" ind2="1"><subfield code="p">Vogel, Cornelius &lt;&lt;de&gt;&gt;</subfield><subfield code="d">1644-1694</subfield></datafield><datafield tag="105" ind1="-" ind2="1"><subfield code="p">Vogel, Kornelius</subfield><subfield code="d">1644-1694</subfield></datafield><datafield tag="105" ind1="-" ind2="1"><subfield code="p">Vogelius, Cornelius</subfield><subfield code="d">1644-1694</subfield></datafield><datafield tag="331" ind1="-" ind2="1"><subfield code="a">Schediasma De Avibus Noctu Lucentibus</subfield></datafield><datafield tag="359" ind1="-" ind2="1"><subfield code="a">sub Praesidio ... Joachimi Felleri ... Publico Eruditorum Examini submittit Cornelius Vogel, Cygn. Die 21. Ianuarii Anno M.DC.LXIX.</subfield></datafield><datafield tag="419" ind1="-" ind2="1"><subfield code="a">Lipsiae</subfield><subfield code="b">[Verlag nicht ermittelbar]</subfield><subfield code="c">Recusa Anno 1672</subfield></datafield><datafield tag="425" ind1="a" ind2="1"><subfield code="a">1672</subfield></datafield><datafield tag="433" ind1="-" ind2="1"><subfield code="a">16 ungezählte Seiten</subfield></datafield><datafield tag="435" ind1="-" ind2="1"><subfield code="a">4o</subfield></datafield><datafield tag="501" ind1="-" ind2="1"><subfield code="a">Die Rückseite des Titelblatts ist unbedruckt</subfield></datafield><datafield tag="520" ind1="-" ind2="1"><subfield code="b">Dissertation</subfield><subfield code="c">Universität Leipzig</subfield><subfield code="d">1669</subfield></datafield><datafield tag="552" ind1="b" ind2="1"><subfield code="a">https://digital.slub-dresden.de/werkansicht/dlf/14445/1/</subfield></datafield><datafield tag="578" ind1="-" ind2="1"><subfield code="a">FEI-Fingerprint: i-4. ueos t,p- m-n- C 1672A</subfield></datafield><datafield tag="580" ind1="-" ind2="1"><subfield code="a">VD17 12:135534T</subfield></datafield><datafield tag="655" ind1="e" ind2="1"><subfield code="u">http://digital.slub-dresden.de/ppn273305999</subfield><subfield code="3">Digitalisiert von der SLUB Dresden. Exemplar mit der Signatur: Zool.430,8</subfield><subfield code="A">1</subfield></datafield><datafield tag="676" ind1="-" ind2="1"><subfield code="g">Leipzig</subfield><subfield code="4">uvp</subfield><subfield code="3">Hochschulort</subfield><subfield code="9">(DE-588)4035206-7</subfield></datafield><controlfield tag="SYS">036577009</controlfield><datafield tag="088" ind1=" " ind2=" "><subfield code="a">61/PT</subfield></datafield></record></metadata></record></ListRecords></OAI-PMH>